@misc{atlascollaboration2024softwarecomputingrun3,
      title={Software and computing for Run 3 of the ATLAS experiment at the LHC}, 
      author={ATLAS Collaboration},
      year={2024},
      eprint={2404.06335},
      archivePrefix={arXiv},
      primaryClass={hep-ex},
      url={https://arxiv.org/abs/2404.06335}, 
}
@misc{Kraus,
  author = {Kraus, A.C.},
  title = {GitHub Repository: building-athena},
  year = {2023},
  publisher = {GitHub},
  journal = {GitHub repository},
  howpublished = {\url{https://github.com/arthurkraus3/building-athena.git}},
  commit = {cd14579}
}